% Encoding: UTF-8

@Article{volkow14,
  author  = {Volkow , Nora D. and Frieden , Thomas R. and Hyde , Pamela S. and Cha , Stephen S.},
  title   = {Medication-Assisted Therapies: Tackling the Opioid-Overdose Epidemic},
  journal = {New England Journal of Medicine},
  year    = {2014},
  volume  = {370},
  number  = {22},
  pages   = {2063-2066},
  note    = {PMID: 24758595},
  doi     = {10.1056/NEJMp1402780},
  eprint  = {http://dx.doi.org/10.1056/NEJMp1402780},
  url     = {http://dx.doi.org/10.1056/NEJMp1402780},
}

@TechReport{rahm00,
  author      = {E. Rahm and H. Hai Do},
  title       = {Data cleaning: Problems and current approaches},
  institution = {Bulletin of the Technical Committee on Data Engineering},
  year        = {2000},
  type        = {techreport},
  number      = {23(4)},
  address     = {1730 Massachusetts Avenue, Washington D.C.},
  month       = Dec,
  owner       = {IEEE Computer Society},
  url         = {https://s3.amazonaws.com/academia.edu.documents/41858217/A00DEC-CD.pdf?AWSAccessKeyId=AKIAIWOWYYGZ2Y53UL3A&Expires=1511155930&Signature=VWRM7u4KWtP6ZxX5jB%2Bh6wMCbpg%3D&response-content-disposition=inline%3B%20filename%3DAutomatically_extracting_structure_from.pdf#page=5},
}

@Misc{cdc17,
  author       = {Centers for Disease Control and Prevention},
  title        = {Prescription Opioid Overdose Data},
  howpublished = {online},
  month        = Oct,
  year         = {2017},
  owner        = {Centers for Disease Control and Prevention},
  url          = {https://www.cdc.gov/drugoverdose/data/overdose.html},
}

@TechReport{nida17,
  author      = {National Institute on Drug Abuse (NIDA)},
  title       = {Overdose Death Rates},
  institution = {National Institutes of Health (NIH)},
  year        = {2017},
  type        = {Summary},
  address     = {Washington D.C.},
  url         = {https://www.drugabuse.gov/related-topics/trends-statistics/overdose-death-rates},
}

@Article{marsch12,
  author  = {Marsch, Lisa A.},
  title   = {Leveraging teachnology to enhance addiction treatment and recovery.},
  journal = {Journal of Addictive Diseases},
  year    = {2012},
  volume  = {31},
  number  = {3},
  pages   = {313-318},
  doi     = {10.1080/10550887.2012.694606},
  url     = {https://www.ncbi.nlm.nih.gov/pmc/articles/PMC3650640/},
}

@Article{shaham03,
  author  = {Shaham, Yavin and Shalev, Uri and Lu, Lin and de Wit, Harriet and Stewart, Jane},
  title   = {The reinstatement model of drug relapse: history, methodology and major findings},
  journal = {Psychopharmacology},
  year    = {2003},
  volume  = {168},
  number  = {1},
  pages   = {3--20},
  month   = {Jul},
  issn    = {1432-2072},
  day     = {01},
  doi     = {10.1007/s00213-002-1224-x},
  url     = {url="https://doi.org/10.1007/s00213-002-1224-x"},
}

@InProceedings{Varshney14,
  author    = {Varshney, Upkar},
  title     = {Mobile Health: Medication Abuse and Addiction},
  booktitle = {Proceedings of the 4th ACM MobiHoc Workshop on Pervasive Wireless Healthcare},
  year      = {2014},
  series    = {MobileHealth '14},
  pages     = {37--42},
  address   = {New York, NY, USA},
  publisher = {ACM},
  acmid     = {2633656},
  doi       = {10.1145/2633651.2633656},
  isbn      = {978-1-4503-2983-5},
  keywords  = {addiction, mobile health, monitoring, prescription abuse},
  location  = {Philadelphia, Pennsylvania, USA},
  numpages  = {6},
  url       = {http://doi.acm.org/10.1145/2633651.2633656},
}

@Article{swendson16,
  author  = {J. Swendsen},
  title   = {Contributions of mobile technologies to addiction research},
  journal = {Dialogues Clinical Neuroscience},
  year    = {2016},
  volume  = {18},
  number  = {2},
  pages   = {213-221},
  month   = Jun,
  url     = {https://www.ncbi.nlm.nih.gov/pmc/articles/PMC4969708/},
}

@Article{johnson11,
  author  = {Johnson, K. and Isham, A. and Shah, D.V. and Gustafson, D.H.},
  title   = {Potential Roles for New Communication Technologies in Treatment of Addiction.},
  journal = {Current psychiatry reports.},
  year    = {2011},
  doi     = {10.1007/s11920-011-0218-y},
  url     = {https://www.ncbi.nlm.nih.gov/pmc/articles/PMC3179375/},
}

@Comment{jabref-meta: databaseType:bibtex;}
