% Encoding: UTF-8

@Article{metcalf16,
  author  = {David Metcalf, Sharlin T.J. Milliard, Melinda Gomez, Michael Schwartz},
  title   = {Wearables and the Internet of Things for Health.},
  journal = {IEEE Pulse},
  year    = {2016},
  month   = Oct,
  url     = {https://pulse.embs.org/september-2016/wearables-internet-of-things-iot-health/},
}

@Article{talla17,
  author    = {Vamsi Talla and Mehrdad Hessar and Bryce Kellogg and Ali Najafi and Joshua R. Smith and Shyamnath Gollakota},
  title     = {LoRa Backscatter: Enabling The Vision of Ubiquitous Connectivity},
  journal   = {CoRR},
  year      = {2017},
  volume    = {abs/1705.05953},
  bibsource = {dblp computer science bibliography, http://dblp.org},
  biburl    = {http://dblp.uni-trier.de/rec/bib/journals/corr/TallaHKNSG17},
  timestamp = {Wed, 07 Jun 2017 14:40:31 +0200},
  url       = {http://arxiv.org/abs/1705.05953},
}

@Article{ameri17,
  author  = {Kabiri Ameri, Shideh and Ho, Rebecca and Jang, Hongwoo and Tao, Li and Wang, Youhua and Wang, Liu and Schnyer, David M. and Akinwande, Deji and Lu, Nanshu},
  title   = {Graphene Electronic Tattoo Sensors},
  journal = {ACS Nano},
  year    = {2017},
  volume  = {11},
  number  = {8},
  pages   = {7634-7641},
  note    = {PMID: 28719739},
  doi     = {10.1021/acsnano.7b02182},
  eprint  = {http://dx.doi.org/10.1021/acsnano.7b02182},
  url     = {http://dx.doi.org/10.1021/acsnano.7b02182},
}

@Article{swedenson16,
  author  = {J. Swendsen},
  title   = {Contributions of mobile technologies to addiction research},
  journal = {Dialogues Clinical Neuroscience},
  year    = {2016},
  url     = {https://www.ncbi.nlm.nih.gov/pmc/articles/PMC4969708/},
}

@Article{johnson11,
  author  = {Johnson, K. and Isham, A. and Shah, D.V. and Gustafson, D.H.},
  title   = {Potential Roles for New Communication Technologies in Treatment of Addiction.},
  journal = {Current psychiatry reports.},
  year    = {2011},
  doi     = {10.1007/s11920-011-0218-y},
  url     = {https://www.ncbi.nlm.nih.gov/pmc/articles/PMC3179375/},
}

@Article{gustafson14,
  author  = {Gustafson, D.H. and McTavish, F.M. and Chih, M.-Y. and Atwood, A.K. and Johnson, R.G. and Boyle, M. and ... Shah, M.},
  title   = {A smartphone application to support recovery from alcoholism: A randomized controlled trial.},
  journal = {JAMA psychiatry.},
  year    = {2014},
  doi     = {10.1001/jamapsychiatry.2013.4642},
  url     = {https://www.ncbi.nlm.nih.gov/pmc/articles/PMC4016167/},
}

@Article{carreiro15,
  author  = {Carreiro, Stephanie and Smelson, David and Ranney, Megan and Horvath, Keith J. and Picard, R. W. and Boudreaux, Edwin D. and Hayes, Rashelle and Boyer, Edward W.},
  title   = {Real-Time Mobile Detection of Drug Use with Wearable Biosensors: A Pilot Study.},
  journal = {Journal of Medical Toxicology.},
  year    = {2015},
  volume  = {11},
  number  = {1},
  pages   = {73-79},
  month   = Oct,
  doi     = {10.1007/s13181-014-0439-7.},
  url     = {https://www.ncbi.nlm.nih.gov/pmc/articles/PMC4371024/},
}

@Article{volkow14,
  author  = {Volkow , Nora D. and Frieden , Thomas R. and Hyde , Pamela S. and Cha , Stephen S.},
  title   = {Medication-Assisted Therapies: Tackling the Opioid-Overdose Epidemic},
  journal = {New England Journal of Medicine},
  year    = {2014},
  volume  = {370},
  number  = {22},
  pages   = {2063-2066},
  note    = {PMID: 24758595},
  doi     = {10.1056/NEJMp1402780},
  eprint  = {http://dx.doi.org/10.1056/NEJMp1402780},
  url     = {http://dx.doi.org/10.1056/NEJMp1402780},
}

@Article{boyer10,
  author  = {Boyer, E.W. and Smelson, D. and Fletcher, R. and Ziedonis, D, and Picard R. W.},
  title   = {Wireless Technologies, Ubiquitous Computing and Mobile Health: Application to Drug Abuse Treatment and Compliance with HIV Therapies.},
  journal = {Journal of Medical Toxicology},
  year    = {2010},
  volume  = {6},
  number  = {2},
  pages   = {212-216},
  doi     = {doi:10.1007/s13181-010-0080-z},
  url     = {https://www.ncbi.nlm.nih.gov/pmc/articles/PMC3550304/pdf/13181_2010_Article_80.pdf},
}

@Article{marsch12,
  author  = {Marsch, Lisa A.},
  title   = {Leveraging teachnology to enhance addiction treatment and recovery.},
  journal = {Journal of Addictive Diseases},
  year    = {2012},
  volume  = {31},
  number  = {3},
  pages   = {313-318},
  doi     = {10.1080/10550887.2012.694606},
  url     = {https://www.ncbi.nlm.nih.gov/pmc/articles/PMC3650640/},
}

@Article{marschdallery2012,
  author  = {Marsch LA, Dallery J.},
  title   = {Advances in the Psychosocial Treatment of Addiction: The Role of Technology in the Delivery of Evidence-Based Psychosocial Treatment.},
  journal = {The Psychiatric Clinics of North America},
  year    = {2012},
  volume  = {;35(2):. doi:},
  number  = {2},
  pages   = {481-493},
  doi     = {10.1016/j.psc.2012.03.009},
  url     = {https://www.ncbi.nlm.nih.gov/pmc/articles/PMC3362794/},
}

@InProceedings{atallah11,
  author    = {Atallah, Louis and Jones, Gareth G. and Ali, Raza and Leong, Julian J. H. and Lo, Benny and Yang, Guang-Zhong},
  title     = {Observing Recovery from Knee-Replacement Surgery by Using Wearable Sensors},
  booktitle = {Proceedings of the 2011 International Conference on Body Sensor Networks},
  year      = {2011},
  series    = {BSN '11},
  pages     = {29--34},
  address   = {Washington, DC, USA},
  publisher = {IEEE Computer Society},
  acmid     = {2004820},
  doi       = {10.1109/BSN.2011.10},
  isbn      = {978-0-7695-4431-1},
  keywords  = {Wearable sensors, body sensor networks, gait},
  numpages  = {6},
  url       = {http://dx.doi.org/10.1109/BSN.2011.10},
}

@Article{shaham03,
  author  = {Shaham, Yavin and Shalev, Uri and Lu, Lin and de Wit, Harriet and Stewart, Jane},
  title   = {The reinstatement model of drug relapse: history, methodology and major findings},
  journal = {Psychopharmacology},
  year    = {2003},
  volume  = {168},
  number  = {1},
  pages   = {3--20},
  month   = {Jul},
  issn    = {1432-2072},
  day     = {01},
  doi     = {10.1007/s00213-002-1224-x},
  url     = {url="https://doi.org/10.1007/s00213-002-1224-x"},
}

@Comment{jabref-meta: databaseType:bibtex;}
