% Encoding: UTF-8

@Article{herland14,
  author  = {Herland, M. and Khoshgoftaar, T. M. and Wald, R.},
  title   = {A review of data mining using big data in health informatics},
  journal = {Journal Of Big Data},
  year    = {2014},
  volume  = {1},
  number  = {2},
  doi     = {https://doi.org/10.1186/2196-1115-1-2},
  url     = {https://link.springer.com/article/10.1186/2196-1115-1-2#citeas},
}

@Article{paul14,
  author  = {Paul, M. J. and Dredze, M. and Broniatowski, D.},
  title   = {Twitter Improves Influenza Forecasting},
  journal = {PLOS Currents: Outbreaks},
  year    = {2014},
  volume  = {6},
  doi     = {10.1371/currents.outbreaks.90b9ed0f59bae4ccaa683a39865d9117},
  url     = {https://www.ncbi.nlm.nih.gov/pmc/articles/PMC4234396/},
}

@Article{signorini11,
  author  = {Signorini, A. and Segre, A. M. and Polgreen, P. M.},
  title   = {The use of twitter to track levels of disease activity and public concern in the U.S. during the influenza A H1N1 pandemic},
  journal = {PLOS ONE},
  year    = {2011},
  volume  = {6},
  number  = {5},
  pages   = {e19467},
  month   = May,
  doi     = {https://doi.org/10.1371/journal.pone.0019467},
  url     = {http://journals.plos.org/plosone/article?id=10.1371/journal.pone.0019467},
}

@Conference{achrekar12,
  author    = {Achrekar, H. and Gandhe, A. and Lazarus, R. and Yu, S. H. and Liu, B.},
  title     = {Twitter improves seasonal influenza prediction},
  booktitle = {International Conference on Health Informatics},
  year      = {2012},
  doi       = {https://www.slideshare.net/hdachrekar/healthinf-2012},
  url       = {https://s3.amazonaws.com/academia.edu.documents/34223850/healthinf_2012.pdf?AWSAccessKeyId=AKIAIWOWYYGZ2Y53UL3A&Expires=1507258522&Signature=XzKkJQcVlvXk%2FOGKY1J9hf8Hi1Y%3D&response-content-disposition=inline%3B%20filename%3DTWITTER_IMPROVES_SEASONAL_INFLUENZA_PRED.pdf},
}

@Article{gupta15,
  author  = {Gupta, Sunil},
  title   = {Big Data: Big Deal or Big Hype?},
  journal = {European Business Review},
  year    = {2015},
  month   = May,
  url     = {http://www.europeanbusinessreview.com/big-data-big-deal-or-big-hype/},
}

@Article{ginsburg09,
  author  = {Ginsberg, J. and Mohebbi, M.H. and Patel, R. S. and Brammer, L. and Smolinski, M.S. and Brilliant, L.},
  title   = {Detecting influenza epidemics using search engine query data},
  journal = {Nature},
  year    = {2009},
  volume  = {457},
  number  = {19},
  pages   = {1012-1014},
  month   = Feb,
  doi     = {doi:10.1038/nature07634},
  url     = {http://li.mit.edu/Stuff/CNSE/Paper/Ginsberg09Mohebbi.pdf},
}

@InProceedings{demchenko12,
  author       = {Demchenko, Y. and Zhao, Z. and Grosso, P. and Wibisono, A. and De Laat, C.},
  title        = {Addressing big data challenges for scientific data infrastructure},
  booktitle    = {IEEE 4th International Conference on Cloud Computing Technology and Science (CloudCom)},
  year         = {2012},
  pages        = {614--617},
  month        = dec,
  organization = {IEEE},
  publisher    = {IEEE},
  doi          = {10.1109/CloudCom.2012.6427494},
  url          = {https://pdfs.semanticscholar.org/aab3/3137d604ee7ba2f189b178ad87ae7fe8b951.pdf},
}

@Article{yuan13,
  author    = {Yuan, Qingyu and Nsoesie, Elaine O and Lv, Benfu and Peng, Geng and Chunara, Rumi and Brownstein, John S},
  title     = {Monitoring influenza epidemics in china with search query from baidu},
  journal   = {PloS one},
  year      = {2013},
  volume    = {8},
  number    = {5},
  pages     = {e64323},
  doi       = {https://doi.org/10.1371/journal.pone.0064323},
  publisher = {Public Library of Science},
  url       = {http://journals.plos.org/plosone/article?id=10.1371/journal.pone.0064323},
}

@Article{hay13,
  author    = {Hay, Simon I. and George, Dylan B. and Moyes, Catherine L. and Brownstein, John S.},
  title     = {Big data opportunities for global infectious disease surveillance},
  journal   = {PLoS medicine},
  year      = {2013},
  volume    = {10},
  number    = {4},
  pages     = {e1001413},
  doi       = {https://doi.org/10.1371/journal.pmed.1001413},
  publisher = {Public Library of Science},
  url       = {http://journals.plos.org/plosmedicine/article?id=10.1371/journal.pmed.1001413},
}

@InProceedings{lamb13,
  author       = {Lamb, Alex and Paul, Michael J and Dredze, Mark},
  title        = {Separating Fact from Fear: Tracking Flu Infections on Twitter},
  booktitle    = {HLT-NAACL},
  year         = {2013},
  pages        = {789--795},
  organization = {Association for Computational Linguistics},
  url          = {http://www.aclweb.org/anthology/N/N13/N13-1097.pdf},
}

@Article{colizza06,
  author  = {Colizza, Vittoria and Barrat, Alain and Barthélemy, Marc and Vespignani, Alessandro},
  title   = {The role of the airline transportation network in the prediction and predictability of global epidemics},
  journal = {Proceedings of the National Academy of Sciences of the United States of America},
  year    = {2006},
  volume  = {103},
  number  = {7},
  pages   = {2015-2020},
  doi     = {10.1073/pnas.0510525103},
  eprint  = {http://www.pnas.org/content/103/7/2015.full.pdf},
  url     = {http://www.pnas.org/content/103/7/2015.abstract},
}

@Article{carreiro15,
  author  = {Carreiro, S. and Smelson, D. and Ranney, M. and Horvath, K. J. and Picard, R. W. and Boudreaux, E. D. and Hayes, R. and Boyer, E. W.},
  title   = {Real-Time Mobile Detection of Drug Use with Wearable Biosensors: A Pilot Study},
  journal = {Journal of Medical Toxicology.},
  year    = {2015},
  volume  = {11},
  number  = {1},
  pages   = {73-9},
  month   = Mar,
  doi     = {10.1007/s13181-014-0439-7},
  url     = {https://www.ncbi.nlm.nih.gov/pmc/articles/PMC4371024/},
}

@Article{butler13,
  author  = {Butler, D.},
  title   = {When Google got flu wrong},
  journal = {Nature},
  year    = {2013},
  volume  = {494},
  number  = {7436},
  month   = Feb,
  pages   = {155-156},
  doi     = {10.1038/494155a},
  url     = {https://www.nature.com/polopoly_fs/1.12413!/menu/main/topColumns/topLeftColumn/pdf/494155a.pdf?origin=ppub},
}

@Article{hethcote00,
  author  = {Hethcote, Herbert W.},
  title   = {The Mathematics of Infectious Disease},
  journal = {Society for Industrial and Applied Mathematics (SIAM) Review},
  year    = {2000},
  volume  = {42},
  number  = {4},
  pages   = {599–653},
  doi     = {https://doi.org/10.1137/S0036144500371907},
  url     = {http://epubs.siam.org/doi/abs/10.1137/S0036144500371907},
}

@Article{granovetter73,
  author  = {Granovetter, M. S.},
  title   = {The strength of weak ties},
  journal = {American Journal of Sociology},
  year    = {1973},
  volume  = {78},
  number  = {6},
  pages   = {1360–1380},
  month   = May,
  doi     = {10.1086/225469},
  url     = {https://sociology.stanford.edu/sites/default/files/publications/the_strength_of_weak_ties_and_exch_w-gans.pdf},
}

@Article{watts98,
  author  = {Watts, D. J. and Strogatz, S .H.},
  title   = {Collective dynamics of `small-world` networks},
  journal = {Nature},
  year    = {1998},
  volume  = {393},
  number  = {4},
  pages   = {440-442},
  month   = Jun,
  url     = {http://www.stat.cmu.edu/~fienberg/Stat36-835/WattsStrogatz-Nature-1998.pdf},
}

@Article{zhu17,
  author    = {Zhu, Yu-Xiao and Wang, Wei and Tang, Ming and Ahn, Yong-Yeol},
  title     = {Social contagions on weighted networks},
  journal   = {Phys. Rev. E},
  year      = {2017},
  volume    = {96},
  pages     = {012306},
  month     = Jul,
  doi       = {10.1103/PhysRevE.96.012306},
  issue     = {1},
  numpages  = {7},
  publisher = {American Physical Society},
  url       = {https://link.aps.org/doi/10.1103/PhysRevE.96.012306},
}

@TechReport{cdc17,
  author      = {C.D.C.},
  title       = {FluView: Weekly U.S. Influenza Surveillance Report},
  institution = {U.S. Centers for Disease Control and Prevention},
  year        = {2017},
  month       = sep,
  timestamp   = {2017/09/23},
  url         = {https://www.cdc.gov/flu/weekly/index.htm},
}

@Article{volkow14,
  author  = {Volkow , Nora D. and Frieden , Thomas R. and Hyde , Pamela S. and Cha , Stephen S.},
  title   = {Medication-Assisted Therapies: Tackling the Opioid-Overdose Epidemic},
  journal = {New England Journal of Medicine},
  year    = {2014},
  volume  = {370},
  number  = {22},
  pages   = {2063-2066},
  note    = {PMID: 24758595},
  doi     = {10.1056/NEJMp1402780},
  url     = {http://dx.doi.org/10.1056/NEJMp1402780},
}

@Misc{smith16,
  author       = {Smith, M.},
  title        = {Can social media help prevent opioid abuse?},
  howpublished = {online},
  month        = Jul,
  year         = {2016},
  doi          = {10.1126/science.aag0661},
  journal      = {Science | News},
  url          = {http://www.sciencemag.org/news/2016/07/can-social-media-help-prevent-opioid-abuse},
}

@Misc{who16,
  author       = {World Health Organization},
  title        = {Influenza (Seasonal),},
  howpublished = {online},
  month        = Nov,
  year         = {2016},
  organization = {World Health Organization},
  url          = {http://www.who.int/mediacentre/factsheets/fs211/en/},
}

@Article{lazer14,
  author    = {Lazer, David and Kennedy, Ryan and King, Gary and Vespignani, Alessandro},
  title     = {The Parable of Google Flu: Traps in Big Data Analysis},
  journal   = {Science},
  year      = {2014},
  volume    = {343},
  number    = {6176},
  pages     = {1203-1205},
  issn      = {0036-8075},
  doi       = {10.1126/science.1248506},
  eprint    = {http://science.sciencemag.org/content/343/6176/1203.full.pdf},
  publisher = {American Association for the Advancement of Science},
  url       = {https://scholar.harvard.edu/files/gking/files/0314policyforumff.pdf},
}

@Article{pastor01,
  author    = {Pastor-Satorras, Romualdo and Vespignani, Alessandro},
  title     = {Epidemic Spreading in Scale-Free Networks},
  journal   = {Phys. Rev. Lett.},
  year      = {2001},
  volume    = {86},
  pages     = {3200--3203},
  month     = {Apr},
  doi       = {10.1103/PhysRevLett.86.3200},
  issue     = {14},
  numpages  = {0},
  publisher = {American Physical Society},
  url       = {https://link.aps.org/doi/10.1103/PhysRevLett.86.3200},
}

@Misc{gft09,
  author = {Google, Inc.},
  title  = {Google Flu Trends for the U.S.: Original Estimates (v1)},
  year   = {2009},
  url    = {https://www.google.org/flutrends/about/data/flu/historic/us-historic-v1.txt},
}

@Comment{jabref-meta: databaseType:bibtex;}
